# Put your BibTeX entries in this file.
@book{adams-fortran-95-handbook,
  title={{Fortran 95 Handbook Complete ISO/ANSI Reference}},
  author={Adams, Jeanne C. and Brainerd, Walter S. and Martin, Jeanne T and Smith, Brian T. and Wagener, Jerrold L.},
  year={1997},
  publisher={The MIT Press}
}

@book{adams-fortran-2003-handbook,
  title={{Fortran 2003 Handbook: The Complete Syntax, Features and Procedures}},
  author={Adams, Jeanne C. and Brainerd, Walter S. and Hendrickson, Richard A. and Maine, Richard E. and Martin, Jeanne T and Smith, Brian T.},
  year={2009},
  publisher={Springer}
}

@techreport{ansi-fortran-1977,
  title= {{American National Standard Programming Language FORTRAN}},
  year = 1978,
  author = {ANSI X3}
}

@techreport{iso-fortran-1991,
type = {Standard},
key = {ISO/IEC 1539-1:1991},
month = oct,
year = {1991},
title = {Information technology -- {P}rogramming languages -- {F}ortran},
volume = {1991},
address = {Geneva, CH},
institution = {International Organization for Standardization},
author = {Fortran Standards Committee}
}

@techreport{iso-fortran-1997,
type = {Standard},
key = {ISO/IEC 1539-1:1997},
month = oct,
year = {1997},
title = {Information technology -- {P}rogramming languages -- {F}ortran -- {P}art 1: {B}ase language},
volume = {1997},
address = {Geneva, CH},
institution = {International Organization for Standardization},
author = {Fortran Standards Committee}
}

@techreport{iso-fortran-2004,
type = {Standard},
key = {ISO/IEC 1539-1:2004},
month = oct,
year = {2004},
title = {Information technology -- {P}rogramming languages -- {F}ortran -- {P}art 1: {B}ase language},
volume = {2004},
address = {Geneva, CH},
institution = {International Organization for Standardization},
author = {Fortran Standards Committee}
}


@techreport{iso-fortran-2010,
type = {Standard},
key = {ISO/IEC 1539-1:2010},
month = oct,
year = {2010},
title = {Information technology -- {P}rogramming languages -- {F}ortran -- {P}art 1: {B}ase language},
volume = {2010},
address = {Geneva, CH},
institution = {International Organization for Standardization},
author = {Fortran Standards Committee}
}

@techreport{iso-fortran-2018,
type = {Standard},
key = {ISO/IEC DIS 1539-1:2018},
month = dec,
year = {2017},
title = {{Draft International Standard -- Information technology -- Programming languages -- Fortran -- Part 1: Base language}},
volume = {{DIS} 2017},
address = {Geneva, CH},
institution = {International Organization for Standardization},
author = {Fortran Standards Committee}
}

@misc{llvm:homepage,
	title  = {{LLVM} {W}eb page},
	author = {{LLVM} {P}roject {T}eam},
	howpublished = {\url{https://llvm.org}},
}

@techreport{openmp-spec-31,
  author = {{OpenMP Architecture Review Board}},
  keywords = {OpenMP Specification},
  title = {{O}pen{MP} {A}pplication {P}rogram {I}nterface {V}ersion 3.1},
  type = {Specification},
  url = {http://www.openmp.org/mp-documents/OpenMP3.1.pdf},
  institution = {OpenMP.org},
  volume = {Version 3.1},
  year = 2011
}

@techreport{openmp-spec-45,
  author = {{OpenMP Architecture Review Board}},
  keywords = {OpenMP Specification},
  title = {{O}pen{MP} {A}pplication {P}rogram {I}nterface {V}ersion 4.5},
  type = {Specification},
  url = {http://www.openmp.org/mp-documents/OpenMP3.1.pdf},
  institution = {OpenMP.org},
  volume = {Version 4.5},
  year = 2015
}

@book{vax-fortran-4,
  title={Programming in VAX Fortran, Version 4.0},
  author={Digital Equipment Corporation},
  year={1984},
  publisher={Digital Equipment Corporation}
}
