@misc{RAJA-github,
        title  = "{{RAJA} Performance Portability Layer}",
        note   = {\url{https://github.com/LLNL/RAJA}}
}

@misc{RAJAPerf-github,
        title  = "{{RAJA} Performance Suite}",
        note   = {\url{https://github.com/LLNL/RAJAPerf}}
}

@misc{CHAI-github,
        title  = "{{CHAI} Copy-hiding Array Abstraction}",
        note   = {\url{https://github.com/LLNL/CHAI}}
}

@misc{Umpire-github,
        title  = "{Umpire Application-focused Memory Management API}",
        note   = {\url{https://github.com/LLNL/Umpire}}
}
