# Put your BibTeX entries in this file.

@inproceedings{P3HPC_Bricks,
 author = {Zhao,Tuowen and Williams, Samuel and Hall, Mary and Johansen, Hans},
 title = {Delivering Performance Portable Stencil Computations on CPUs and GPUs
   Using Bricks},
 booktitle = {Proceedings of the International Workshop on Performance,
   Portability and Productivity in HPC (P3HPC), SC'18},
 month = {Nov},
 year = {2018},
 location = {Dallas, TX, USA},
}
