@incollection{2.3.1.08:Treichler:2017, 
  booktitle={Exascale Scientific Applications: Scalability and Performance Portability},
  editor={Straatsma, T.P. and Antypas, K.B. and Williams, T.J.},
  title = "{S3D-Legion: An Exascale Software for Direct Numerical Simulation of Turbulent Combustion with Complex Multicomponent Chemistry}",
  author={Treichler, Sean and Bauer, Michael A. and Bhagatwala, Ankit V. and Borghesi, Giulio and Sankaran, Ramanan and Kolla, Hemanth and Larkin, Jeffrey M. and Slaughter, Elliott and Lee, Wonchan and Aiken, Alex and Chen, Jacqueline H. and McCormick, Patrick S.},
  isbn={9781351999236},
  series={Chapman \& Hall/CRC Computational Science},
  url={https://books.google.com/books?id=rGQ-DwAAQBAJ},
  month={11},
  year={2017},
  publisher={CRC Press}
}


@article{2.3.1.08:Jia:2018:1,
  author    = {Zhihao Jia and
               Sina Lin and
               Charles R. Qi and
               Alex Aiken},
  title     = {Exploring Hidden Dimensions in Parallelizing Convolutional Neural
               Networks},
  journal   = {CoRR},
  volume    = {abs/1802.04924},
  year      = {2018},
  url       = {http://arxiv.org/abs/1802.04924},
  archivePrefix = {arXiv},
  eprint    = {1802.04924},
  timestamp = {Mon, 13 Aug 2018 16:48:55 +0200},
  biburl    = {https://dblp.org/rec/bib/journals/corr/abs-1802-04924},
  bibsource = {dblp computer science bibliography, https://dblp.org}
}

@article{2.3.1.08:Jia:2018:2,
  author    = {Zhihao Jia and
               Matei Zaharia and
               Alex Aiken},
  title     = {Beyond Data and Model Parallelism for Deep Neural Networks},
  journal   = {CoRR},
  volume    = {abs/1807.05358},
  year      = {2018},
  url       = {http://arxiv.org/abs/1807.05358},
  archivePrefix = {arXiv},
  eprint    = {1807.05358},
  timestamp = {Mon, 13 Aug 2018 16:47:43 +0200},
  biburl    = {https://dblp.org/rec/bib/journals/corr/abs-1807-05358},
  bibsource = {dblp computer science bibliography, https://dblp.org}
}


@inproceedings{2.3.1.08:Lee:2018:1,
 author = {Lee, Wonchan and Slaughter, Elliott and Bauer, Michael and Treichler, Sean and Warszawski, Todd and Garland, Michael and Aiken, Alex},
 title = {Dynamic Tracing: Memoization of Task Graphs for Dynamic Task-based Runtimes},
 booktitle = {Proceedings of the International Conference for High Performance Computing, Networking, Storage, and Analysis},
 series = {SC '18},
 year = {2018},
 location = {Dallas, Texas},
 pages = {34:1--34:13},
 articleno = {34},
 numpages = {13},
 url = {http://dl.acm.org/citation.cfm?id=3291656.3291702},
 acmid = {3291702},
 publisher = {IEEE Press},
 address = {Piscataway, NJ, USA},
} 

@inproceedings{2.3.1.08:Lee:2018:2,
 author = {Lee, Wonchan and Stelle, George and McCormick, Patrick and Aiken, Alex},
 title = {Correctness of Dynamic Dependence Analysis for Implicitly Parallel Tasking Systems},
 booktitle = {Proceedings of the International Conference for High Performance Computing, Networking, Storage, and Analysis},
 year = {2018},
 location = {Dallas, Texas},
} 

@inproceedings{2.3.1.08:2018:2,
 author = {Lee, Wonchan and Slaughter, Elliott and Bauer, Michael and Treichler, Sean and Warszawski, Todd and Garland, Michael and Aiken, Alex},
 title = {Dynamic Tracing: Memoization of Task Graphs for Dynamic Task-based Runtimes},
 booktitle = {Proceedings of the International Conference for High Performance Computing, Networking, Storage, and Analysis},
 series = {SC '18},
 year = {2018},
 location = {Dallas, Texas},
 pages = {34:1--34:13},
 articleno = {34},
 numpages = {13},
 url = {https://doi.org/10.1109/SC.2018.00037},
 doi = {10.1109/SC.2018.00037},
 acmid = {3291702},
 publisher = {IEEE Press},
 address = {Piscataway, NJ, USA},
} 

@inproceedings{2.3.1.08:Bauer:2019,
 author = {Bauer, Michael and Garland, Michael},
 title = {Legate NumPy: Accelerated and Distributed Array Computing},
 booktitle = {Proceedings of the International Conference for High Performance Computing, Networking, Storage, and Analysis},
 series = {SC '19},
 year = {2019},
 location = {Denver, Colorado},
 pages = {to appear},
} 

@inproceedings{2.3.1.08:Slaughter:2019, 
  author = {Slaughter, Elliott and Aiken, Alex}, 
  title = {Pygion: Flexible, Scalable Task-Based Parallelism with Python}, 
  booktitle = {Proceedings of Parallel Applications Workshop, Alternatives To MPI+X, co-located with SC19}, 
  year = {2019}, 
  location = {Denver, Colorado}, 
  pages = {to appear},
}
