# Put your BibTeX entries in this file.
# Put your BibTeX entries in this file.

@INPROCEEDINGS{Ellsworth:argo,
author={D. Ellsworth and T. Patki and S. Perarnau and S. Seo and A. Amer and J. Zounmevo and R. Gupta and K. Yoshii and H. Hoffman and A. Malony and M. Schulz and P. Beckman},
booktitle={2016 IEEE International Parallel and Distributed Processing Symposium Workshops (IPDPSW)},
title={Systemwide Power Management with {Argo}},
year={2016},
pages={1118-1121},
doi={10.1109/IPDPSW.2016.81},
}

@inproceedings{ellsworth_e2sc2016,
 author = {Ellsworth, Daniel and Patki, Tapasya and Schulz, Martin and Rountree, Barry and Malony, Allen},
 title = {A Unified Platform for Exploring Power Management Strategies},
 booktitle = {Proc.  4th International Workshop on Energy Efficient Supercomputing},
 year = {2016},
 location = {Salt Lake City, Utah},
} 
 
 @inproceedings{sakamoto2017,
 author = {Sakamoto, Ryuichi and Cao, Thang and Knoda, Masaaki and Inoue, Koji and Ueda, Masatsugu and Patki, Tapasya and Ellsworth, Daniel and Rountree, Barry and Schulz, Martin},
  title = {Production Hardware Overprovisioning: Real-world Performance Optimization Using an Extensible Power-aware Resource Management Framework},
  booktitle = {Proc.  31st Internation Parallel and Distributed Processing Symposium},
  year = {2017},
  location = {Orlando, Florida, USA}
}

@InProceedings{patki2016,
author="Patki, Tapasya
and Bates, Natalie
and Ghatikar, Girish
and Clausen, Anders
and Klingert, Sonja
and Abdulla, Ghaleb
and Sheikhalishahi, Mehdi",
editor="Kunkel, Julian M.
and Balaji, Pavan
and Dongarra, Jack",
title="Supercomputing Centers and Electricity Service Providers: A Geographically Distributed Perspective on Demand Management in {Europe} and the {United States}",
booktitle=" International Supercomputing Conference (High Performance Computing), ISC-HPC",
year="2016",

}

@misc{osti_1353371,
title = {Addressing Thermal and Performance Variability Issues in Dynamic Processors},
author = {Yoshii, Kazutomo and Llopis, Pablo and Zhang, Kaicheng and Luo, Yingyi and Ogrenci-Memik, Seda and Memik, Gokhan and Sankaran, Rajesh and Beckman, Pete},
doi = {10.2172/1353371},
year = {2017},
month = {3}
}

@inproceedings{zhang2015minimizing,
  title={Minimizing Thermal Variation Across System Components},
  author={Zhang, Kaicheng and Ogrenci-Memik, Seda and Memik, Gokhan and Yoshii, Kazutomo and Sankaran, Rajesh and Beckman, Pete},
  booktitle={Parallel and Distributed Processing Symposium (IPDPS), 2015 IEEE  International},
  pages={1139--1148},
  year={2015},
  organization={IEEE}
}

@inproceedings{zounmevo2015container,
  title={A Container-Based Approach to {OS} Specialization for Exascale Computing},
  author={Zounmevo, Judicael A and Perarnau, Swann and Iskra, Kamil and Yoshii, Kazutomo and Gioiosa, Roberto and Van Essen, Brian C and Gokhale, Maya B and Leon, Edgar A},
  booktitle={Containers, 1st Workshop on (WoC)},
  year={2015}
}

@inproceedings{perarnau2015distributed,
  title={Distributed Monitoring and Management of Exascale Systems in the {Argo} Project},
  author={Perarnau, Swann and Thakur, Rajeev and Iskra, Kamil and Raffenetti, Ken and Cappello, Franck and Gupta, Rinku and Beckman, Pete and Snir, Marc and Hoffmann, Henry and Schulz, Martin and others},
  booktitle={Distributed Applications and Interoperable Systems},
  pages={173--178},
  year={2015},
  organization={Springer International Publishing}
}

@inproceedings{perarnau2016exploring,
  title={Exploring Data Migration for Future Deep-Memory Many-Core Systems},
  author={Perarnau, Swann and Zounmevo, Judicael A and Gerofi, Balazs and Iskra, Kamil and Beckman, Pete},
  booktitle={IEEE Cluster},
  year={2016}
}

@inproceedings{perarnau2017argo,
  title={{Argo NodeOS}: Toward Unified Resource Management for Exascale},
  author={Perarnau, Swann and Zounmevo, Judicael A and Dreher, Matthieu and Van Essen, Brian C and Gioiosa, Roberto and Iskra, Kamil and Gokhale, Maya B and Yoshii, Kazutomo and Beckman, Pete},
  booktitle={Parallel and Distributed Processing Symposium (IPDPS), 2017 IEEE International},
  pages={153--162},
  year={2017},
  organization={IEEE}
}

@inproceedings{dreher2017situ,
  title={In Situ Workflows at Exascale: System Software to the Rescue},
  author={Dreher, Matthieu and Perarnau, Swann and Peterka, Tom and Iskra, Kamil and Beckman, Pete},
  booktitle={Proceedings of the In Situ Infrastructures on Enabling Extreme-Scale Analysis and Visualization},
  pages={22--26},
  year={2017},
  organization={ACM}
}
