# Put your BibTeX entries in this file.

@INPROCEEDINGS{power1,
author={A. Haidar and H. Jagode and A. YarKhan and P. Vaccaro and S. Tomov and J. Dongarra},
booktitle={2017 {IEEE} High Performance Extreme Computing Conference ({HPEC})},
title={Power-aware computing: Measurement, control, and performance analysis for Intel Xeon Phi},
year={2017},
volume={},
number={},
pages={1-7},
doi={10.1109/HPEC.2017.8091085},
ISSN={},
month={Sept},}


@article{power2,
author = {A. Haidar and H. Jagode and P. Vaccaro and A. YarKhan and S. Tomov and J. Dongarra},
title = {Investigating power capping toward energy‚Äêefficient scientific applications},
journal = {Concurrency and Computation: Practice and Experience 2018;e4485},
pages = {1--14},
month = {March},
year = {2018},
doi = {10.1002/cpe.4485},
url = {https://onlinelibrary.wiley.com/doi/abs/10.1002/cpe.4485},
eprint = {https://onlinelibrary.wiley.com/doi/pdf/10.1002/cpe.4485},
}


